<?xml version="1.0" encoding="UTF-8"?>
<record xmlns="http://www.loc.gov/MARC21/slim" xmlns:xsi="http://www.w3.org/2001/XMLSchema-instance" xsi:schemaLocation="http://www.loc.gov/MARC21/slim http://www.loc.gov/standards/marcxml/schema/MARC21slim.xsd">
<leader>00000cam a22      i 4500</leader>
<controlfield tag="001">002122134</controlfield>
<controlfield tag="003">NNU</controlfield>
<controlfield tag="005">20151021162901.0</controlfield>
<controlfield tag="008">870507s1951    au a          000 0 arard</controlfield>
<datafield tag="010" ind1=" " ind2=" ">
<subfield code="a">   74233788</subfield>
</datafield>
<datafield tag="035" ind1=" " ind2=" ">
<subfield code="a">(OCoLC)23515671</subfield>
<subfield code="z">(OCoLC)84623657</subfield>
</datafield>
<datafield tag="040" ind1=" " ind2=" ">
<subfield code="a">EYM</subfield>
<subfield code="b">eng</subfield>
<subfield code="c">EYM</subfield>
<subfield code="d">OCLCQ</subfield>
<subfield code="d">OCLCG</subfield>
<subfield code="d">AUD</subfield>
<subfield code="d">OCLCQ</subfield>
<subfield code="d">OCLCF</subfield>
<subfield code="d">OCLCQ</subfield>
<subfield code="d">PAU</subfield>
<subfield code="d">ZAS</subfield>
<subfield code="d">NNU</subfield>
</datafield>
<datafield tag="050" ind1=" " ind2="4">
<subfield code="a">D116.7.I3</subfield>
<subfield code="b">A33 1951</subfield>
</datafield>
<datafield tag="100" ind1="0" ind2=" ">
<subfield code="6">880-01</subfield>
<subfield code="a">Ibn Khaldūn,</subfield>
<subfield code="d">1332-1406.</subfield>
</datafield>
<datafield tag="245" ind1="1" ind2="3">
<subfield code="6">880-02</subfield>
<subfield code="a">al-Taʻrīf bi-Ibn Khaldūn wa-riḥlatihi gharban wa-sharqan /</subfield>
<subfield code="c">taʼlīf ʻAbd al-Raḥmān Ibn Khaldūn. Āraḍahu bi-uṣūlih wa-ʻallaqa ḥawāshīh Muḥammad ibn Tāwīt al-Ṭanjī.</subfield>
</datafield>
<datafield tag="260" ind1=" " ind2=" ">
<subfield code="6">880-03</subfield>
<subfield code="a">al-Qāhirah :</subfield>
<subfield code="b">Lajnat al-Taʻlīf waâl-Tarjamah wa-al-Nashr,</subfield>
<subfield code="c">.1951</subfield>
</datafield>
<datafield tag="300" ind1=" " ind2=" ">
<subfield code="a">[25], 459 pages :</subfield>
<subfield code="b">illustrations ;</subfield>
<subfield code="c">25 cm.</subfield>
</datafield>
<datafield tag="336" ind1=" " ind2=" ">
<subfield code="a">text</subfield>
<subfield code="b">txt</subfield>
<subfield code="2">rdacontent</subfield>
</datafield>
<datafield tag="337" ind1=" " ind2=" ">
<subfield code="a">unmediated</subfield>
<subfield code="b">n</subfield>
<subfield code="2">rdamedia</subfield>
</datafield>
<datafield tag="338" ind1=" " ind2=" ">
<subfield code="a">volume</subfield>
<subfield code="b">nc</subfield>
<subfield code="2">rdacarrier</subfield>
</datafield>
<datafield tag="490" ind1="1" ind2=" ">
<subfield code="6">880-04</subfield>
<subfield code="a">Āthār ibn Khaldūn ;</subfield>
<subfield code="v">1</subfield>
</datafield>
<datafield tag="504" ind1=" " ind2=" ">
<subfield code="a">Includes bibliographical references (pages 231-239).</subfield>
</datafield>
<datafield tag="600" ind1="0" ind2="0">
<subfield code="6">880-05</subfield>
<subfield code="a">Ibn Khaldūn,</subfield>
<subfield code="d">1332-1406.</subfield>
</datafield>
<datafield tag="600" ind1="1" ind2="7">
<subfield code="a">ʻAbd al-Malik, Jamāl.</subfield>
<subfield code="2">fast</subfield>
<subfield code="0">(OCoLC)fst01456237.</subfield>
</datafield>
<datafield tag="700" ind1="1" ind2=" ">
<subfield code="6">880-06</subfield>
<subfield code="a">Ṭanjī, Muḥammad ibn Tāwīt.</subfield>
</datafield>
<datafield tag="776" ind1="0" ind2="8">
<subfield code="i">Online version:</subfield>
<subfield code="a">Ibn Khaldūn, 1332-1406.</subfield>
<subfield code="t">Taʻrīf bi-Ibn Khaldūn wa-riḥlatihi gharban wa-sharqan.</subfield>
<subfield code="d">[al-Qāhirah] Lajnat al-Taʻlīf waâl-Tarjamah [wa-al-Nashr, 1951]</subfield>
<subfield code="w">(OCoLC)694312407</subfield>
</datafield>
<datafield tag="880" ind1="0" ind2=" ">
<subfield code="6">100-01/</subfield>
<subfield code="a">ابن خلدون،</subfield>
<subfield code="d">1332-1406.</subfield>
</datafield>
<datafield tag="880" ind1="1" ind2="2">
<subfield code="6">245-02/</subfield>
<subfield code="a">التعريف بابن خلدون ورحلته غربا وشرقا /</subfield>
<subfield code="c">تأليف عبد الرحمن بن خلدون ؛ عارضه بأصوله وعلق حواشيه محمد بن تاويت الطنجى.</subfield>
</datafield>
<datafield tag="880" ind1=" " ind2=" ">
<subfield code="6">260-03/</subfield>
<subfield code="a">القاهرة :</subfield>
<subfield code="b">لجنة التأليف والترجمة والنشر،</subfield>
<subfield code="c">١٩٥١.</subfield>
</datafield>
<datafield tag="880" ind1="1" ind2=" ">
<subfield code="6">490-04/</subfield>
<subfield code="a">آثار ابن خلدون ؛</subfield>
<subfield code="v">١</subfield>
</datafield>
<datafield tag="880" ind1="0" ind2="4">
<subfield code="6">600-05/</subfield>
<subfield code="a">ابن خلدون،</subfield>
<subfield code="d">1332-1406.</subfield>
</datafield>
<datafield tag="880" ind1="1" ind2=" ">
<subfield code="6">700-06/</subfield>
<subfield code="a">طنجي، محمد بن تاويت.</subfield>
</datafield>
<datafield tag="830" ind1=" " ind2="0">
<subfield code="6">880-07</subfield>
<subfield code="a">Āthār ibn Khaldūn ;</subfield>
<subfield code="v">1.</subfield>
</datafield>
<datafield tag="880" ind1=" " ind2="0">
<subfield code="6">830-07/</subfield>
<subfield code="a">آثار بن خلدون ;</subfield>
<subfield code="v">1.</subfield>
</datafield>
<datafield tag="OWN" ind1=" " ind2=" ">
<subfield code="a">GENERAL</subfield>
</datafield>
<datafield tag="AVA" ind1=" " ind2=" ">
<subfield code="a">NYU50</subfield>
<subfield code="b">BOBST</subfield>
<subfield code="c">Main Collection</subfield>
<subfield code="d">D116.7.I3 A33</subfield>
<subfield code="e">unavailable</subfield>
<subfield code="t">Unavailable</subfield>
<subfield code="f">1</subfield>
<subfield code="g">1</subfield>
<subfield code="h">N</subfield>
<subfield code="i">4</subfield>
<subfield code="j">MAIN</subfield>
<subfield code="k">0</subfield>
</datafield>
</record>
